<?xml version="1.0" encoding="UTF-8"?><collection xmlns="http://www.loc.gov/MARC21/slim"><record><leader>00424nam--2200133-i-4500</leader><controlfield tag="001">000004625</controlfield><controlfield tag="002">20161230</controlfield><controlfield tag="005">20161230201026</controlfield><controlfield tag="008">060222s1000------------r-----000-0-eng-d</controlfield><datafield ind1=" " ind2=" " tag="100"><subfield code="a">Bastiansen, O., Almeningen, A., Fernholt, L</subfield></datafield><datafield ind1=" " ind2=" " tag="245"><subfield code="a">Electron diffraction studies on benzene vapour</subfield></datafield><datafield ind1=" " ind2=" " tag="260"><subfield code="a">Trondheim, I Kommis.Hos F.Bruns Bokhandel, 1958 13 P</subfield></datafield><datafield ind1=" " ind2=" " tag="490"><subfield code="a">Det Kgl Norske Videnskabers Selskabs Skrifter</subfield></datafield><datafield ind1=" " ind2=" " tag="852"><subfield code="a">6141</subfield></datafield></record></collection>